<marc:record xmlns:marc="http://www.loc.gov/MARC21/slim"><marc:leader>00887nam a22001450a 45 0</marc:leader><marc:controlfield tag="001">306568</marc:controlfield><marc:controlfield tag="003">NL-AMISG</marc:controlfield><marc:controlfield tag="005">19950210234845.0</marc:controlfield><marc:controlfield tag="008">199502suuuuuuuu||||||||||||||||||||||| d</marc:controlfield><marc:datafield ind1=" " ind2=" " tag="035"><marc:subfield code="a">(IISG)IISGb10047897</marc:subfield></marc:datafield><marc:datafield ind1=" " ind2=" " tag="040"><marc:subfield code="a">NL-AmISG</marc:subfield></marc:datafield><marc:datafield ind1="1" ind2="0" tag="245"><marc:subfield code="a">Arbeidsvoorwaardenbeleid 1977. Nota van de Raad van Bestuur in Arbeidszaken.</marc:subfield></marc:datafield><marc:datafield ind1=" " ind2=" " tag="260"><marc:subfield code="a">Den Haag :</marc:subfield><marc:subfield code="b">Raad van Bestuur in Arbeidszaken,</marc:subfield><marc:subfield code="c">1976.</marc:subfield></marc:datafield><marc:datafield ind1=" " ind2=" " tag="300"><marc:subfield code="a">15 p.</marc:subfield></marc:datafield><marc:datafield ind1=" " ind2=" " tag="690"><marc:subfield code="a">Bro N 1115</marc:subfield><marc:subfield code="b">Netherlands; economy; economic policy; trade cycle and employment policy</marc:subfield><marc:subfield code="c">Nederland; economie; economische politiek; conjunctuur- en werkgelegenheidspolitiek.</marc:subfield></marc:datafield><marc:datafield ind1=" " ind2=" " tag="690"><marc:subfield code="a">Bro N 1084</marc:subfield><marc:subfield code="b">Netherlands; economy; economic life; central employers' organizations; general, institutions for cooperation among employers' unions, Raad van Nederlandse Werkgeversverbonden</marc:subfield><marc:subfield code="c">Nederland; economie; bedrijfsleven; centrale werkgevers- organisaties; algemeen, samenwerkingsorganen van werkgeversverbonden, Raad van Nederlandse Werkgeversverbonden.</marc:subfield></marc:datafield><marc:datafield ind1=" " ind2=" " tag="852"><marc:subfield code="a">IISG</marc:subfield><marc:subfield code="b">IISG</marc:subfield><marc:subfield code="c">IISG</marc:subfield><marc:subfield code="j">Bro 425/27</marc:subfield><marc:subfield code="p">N10047406</marc:subfield></marc:datafield><marc:datafield ind1=" " ind2=" " tag="901"><marc:subfield code="a">306568</marc:subfield><marc:subfield code="b">Unknown</marc:subfield><marc:subfield code="c">306568</marc:subfield><marc:subfield code="t">biblio</marc:subfield></marc:datafield><marc:datafield ind1=" " ind2=" " tag="902"><marc:subfield code="a">10622/C29E1236-8AD5-46CC-B9D5-B5BC11911F19</marc:subfield></marc:datafield></marc:record>